
@Book{XP,
  author = 	 {Kent Beck},
  title = 	 {eXtreme Programming: explained},
  publisher = 	 {Addison-Wesley},
  year = 	 {2001},
  OPTmonth = 	 {June},
}

